@article{DBLP:journals/corr/MnihKSGAWR13,
  author    = {Volodymyr Mnih and
                 Koray Kavukcuoglu and
                                David Silver and
                                               Alex Graves and
                                                              Ioannis Antonoglou and
                                                                             Daan Wierstra and
                                                                                            Martin A. Riedmiller},
                                                                                              title     = {Playing Atari with Deep Reinforcement Learning},
                                                                                                journal   = {CoRR},
                                                                                                  volume    = {abs/1312.5602},
                                                                                                    year      = {2013},
                                                                                                      url       = {http://arxiv.org/abs/1312.5602},
                                                                                                        timestamp = {Wed, 01 Apr 2015 20:06:15 +0200},
                                                                                                          biburl    = {http://dblp.uni-trier.de/rec/bib/journals/corr/MnihKSGAWR13},
                                                                                                            bibsource = {dblp computer science bibliography, http://dblp.org}
}

@article{silver2016mastering,
  title={Mastering the game of Go with deep neural networks and tree search},
    author={Silver, David and Huang, Aja and Maddison, Chris J and Guez, Arthur and Sifre, Laurent and Van Den Driessche, George and Schrittwieser, Julian and Antonoglou, Ioannis and Panneershelvam, Veda and Lanctot, Marc and others},
      journal={Nature},
        volume={529},
          number={7587},
            pages={484--489},
              year={2016},
                publisher={Nature Publishing Group}
}

@inproceedings{tan1993multi,
  title={Multi-agent reinforcement learning: Independent vs. cooperative agents},
    author={Tan, Ming},
      booktitle={Proceedings of the tenth international conference on machine learning},
        pages={330--337},
          year={1993}
}

@article{leibo2017multi,
  title={Multi-agent Reinforcement Learning in Sequential Social Dilemmas},
    author={Leibo, Joel Z and Zambaldi, Vinicius and Lanctot, Marc and Marecki, Janusz and Graepel, Thore},
      journal={arXiv preprint arXiv:1702.03037},
        year={2017}
}

@article{tampuu2015multiagent,
  title={Multiagent cooperation and competition with deep reinforcement learning},
    author={Tampuu, Ardi and Matiisen, Tambet and Kodelja, Dorian and Kuzovkin, Ilya and Korjus, Kristjan and Aru, Juhan and Aru, Jaan and Vicente, Raul},
      journal={arXiv preprint arXiv:1511.08779},
        year={2015}
}

@book{sutton1998reinforcement,
  title={Reinforcement learning: An introduction},
    author={Sutton, Richard S and Barto, Andrew G},
      volume={1},
        number={1},
          year={1998},
            publisher={MIT press Cambridge}
}

@article{defoort2008sliding,
  title={Sliding-mode formation control for cooperative autonomous mobile robots},
    author={Defoort, Michael and Floquet, Thierry and Kokosy, Annemarie and Perruquetti, Wilfrid},
      journal={IEEE Transactions on Industrial Electronics},
        volume={55},
          number={11},
            pages={3944--3953},
              year={2008},
                publisher={IEEE}
}
